<collection xmlns="http://www.loc.gov/MARC21/slim"><record><leader>00769nam  2200253   450</leader><controlfield tag="001">545</controlfield><controlfield tag="003">http://montalegre.opacnet.com/OPAC/default.aspx?ContentAreaControl=ShowRegHoldings.ascx&amp;RegNo=16662</controlfield><datafield tag="010" ind1=" " ind2=" "><subfield code="a">972-33-2082-7</subfield></datafield><datafield tag="021" ind1=" " ind2=" "><subfield code="a">PT</subfield><subfield code="b">219928/04</subfield></datafield><datafield tag="095" ind1=" " ind2=" "><subfield code="a">PTBN00360990</subfield></datafield><datafield tag="100" ind1=" " ind2=" "><subfield code="a">19920415d2004   m  y0pory010305  ba</subfield></datafield><datafield tag="101" ind1="1" ind2=" "><subfield code="a">por</subfield><subfield code="c">eng</subfield></datafield><datafield tag="102" ind1=" " ind2=" "><subfield code="a">PT</subfield></datafield><datafield tag="105" ind1=" " ind2=" "><subfield code="a">y   z   000zy</subfield></datafield><datafield tag="106" ind1=" " ind2=" "><subfield code="a">r</subfield></datafield><datafield tag="200" ind1="1" ind2=" "><subfield code="a">Lust</subfield><subfield code="f">Elfriede Jelinek</subfield><subfield code="g">trad. Maria Adélia Silva Melo</subfield></datafield><datafield tag="210" ind1=" " ind2=" "><subfield code="a">Lisboa</subfield><subfield code="c">Estampa</subfield><subfield code="d">2004</subfield></datafield><datafield tag="215" ind1=" " ind2=" "><subfield code="a">245 p.</subfield><subfield code="d">21 cm</subfield></datafield><datafield tag="304" ind1=" " ind2=" "><subfield code="a">Tít. orig.: Lust</subfield></datafield><datafield tag="675" ind1=" " ind2=" "><subfield code="a">830-31"19"</subfield><subfield code="v">BN</subfield><subfield code="z">por</subfield></datafield><datafield tag="700" ind1=" " ind2="1"><subfield code="a">Jelinek</subfield><subfield code="b">Elfriede</subfield><subfield code="f">1946-</subfield></datafield><datafield tag="702" ind1=" " ind2="1"><subfield code="a">Melo</subfield><subfield code="b">Maria Adélia Silva</subfield><subfield code="4">730</subfield></datafield><datafield tag="801" ind1=" " ind2="0"><subfield code="a">PT</subfield><subfield code="b">Biblioteca Municipal de Montalegre</subfield><subfield code="g">RPC</subfield></datafield><datafield tag="856" ind1=" " ind2=" "><subfield code="u">locateMedia.asp?cod=20060518103539&amp;ext=jpg</subfield><subfield code="z">CAPA</subfield></datafield><datafield tag="909" ind1="&#9;" ind2=" "><subfield code="a">1</subfield></datafield><datafield tag="966" ind1=" " ind2=" "><subfield code="a">0016283</subfield><subfield code="l">BMM</subfield><subfield code="s">SCG 821 JEL lus</subfield></datafield></record></collection>